@article{steinmetz2019distributed,
  title={Distributed coding of choice, action and engagement across the mouse brain},
  author={Steinmetz, Nicholas A and Zatka-Haas, Peter and Carandini, Matteo and Harris, Kenneth D},
  journal={Nature},
  volume={576},
  number={7786},
  pages={266--273},
  year={2019},
  publisher={Nature Publishing Group UK London}
}